@book{book5f90621a,
title   = {Inteligência artificial: uma abordagem de aprendizado de máquina},
author = {Faceli, Katti and Lorena, Ana Carolina and Gama, João and Carvalho, André Carlos Ponce de Leon Ferreira de},
year = {2011},
publisher = {LTC}
}